<record><leader>00000cas a22000007a 4500</leader><controlfield tag="001">18386458</controlfield><controlfield tag="008">880822d18951898ohuir ne      0    0eng d</controlfield><datafield ind1=" " ind2=" " tag="010"><subfield code="a">sn 88077821 </subfield></datafield><datafield ind1=" " ind2=" " tag="040"><subfield code="a">ONP</subfield><subfield code="b">eng</subfield><subfield code="c">ONP</subfield><subfield code="d">OCLCQ</subfield></datafield><datafield ind1=" " ind2=" " tag="042"><subfield code="a">msc</subfield></datafield><datafield ind1="0" ind2="4" tag="245"><subfield code="a">The Columbus tri-weekly post.</subfield></datafield><datafield ind1=" " ind2=" " tag="260"><subfield code="a">Columbus, Ohio :</subfield><subfield code="b">[s.n.],</subfield><subfield code="c">-1898.</subfield></datafield><datafield ind1=" " ind2=" " tag="310"><subfield code="a">Triweekly</subfield></datafield><datafield ind1="1" ind2=" " tag="362"><subfield code="a">Began in May 1895.</subfield></datafield><datafield ind1="0" ind2=" " tag="362"><subfield code="a">-v. 9, no. 26 (Feb. 26, 1898).</subfield></datafield><datafield ind1=" " ind2=" " tag="588"><subfield code="a">Description based on: Vol. 8, no. 50 (May 1, 1897).</subfield></datafield><datafield ind1=" " ind2=" " tag="752"><subfield code="a">United States</subfield><subfield code="b">Ohio</subfield><subfield code="c">Franklin</subfield><subfield code="d">Columbus.</subfield></datafield><datafield ind1="0" ind2=" " tag="775"><subfield code="t">Columbus morning post</subfield><subfield code="w">(DLC)sn 88077820</subfield></datafield><datafield ind1="0" ind2=" " tag="775"><subfield code="t">Columbus evening press (Columbus, Ohio : 1895)</subfield><subfield code="w">(DLC)sn 88077813</subfield></datafield><datafield ind1="0" ind2=" " tag="775"><subfield code="t">Weekly press (Columbus, Ohio : 1888)</subfield><subfield code="w">(DLC)sn 88077823</subfield></datafield><datafield ind1="0" ind2="0" tag="785"><subfield code="t">Press post (Columbus, Ohio : 1898 : Triweekly)</subfield><subfield code="w">(DLC)sn 88077822</subfield></datafield></record>